@article{vonderPahlen:2016cbw,
      author         = "von der Pahlen, Federico and Palacio, Guillermo and
                        Restrepo, Diego and Zapata, Oscar",
      title          = "{Radiative Type III Seesaw Model and its collider
                        phenomenology}",
      journal        = "Phys. Rev.",
      volume         = "D94",
      year           = "2016",
      number         = "3",
      pages          = "033005",
      doi            = "10.1103/PhysRevD.94.033005",
      eprint         = "1605.01129",
      archivePrefix  = "arXiv",
      primaryClass   = "hep-ph",
      SLACcitation   = "%%CITATION = ARXIV:1605.01129;%%"
}
@article{Nagashima:2010,
      author         = "Nagashima, Yorikiyo",
      title          = "{Elementary Particle Physics Volume 1: Quantum Field Theory and Particles}",
      journal        = "WILEY-VCH Verlag GmbH \& Co. KGaA",
      volume         = "1",
      year           = "2010",
      pages          = "105-111",
}

@article{Kaku:1993,
      author         = "Kaku, Michio",
      title          = "{Quantum Field Theory A Modern Introduction}",
      journal        = "Oxford University Press",
      year           = "1993",
      eprint         = "9876543",
      pages          = "61-93",
}

@article{Restrepo:2020,
      author         = "Restrepo, Diego",
      title          = "{El Lagrangiano del Modelo Estandar}",
      journal        = "Universidad de Antioquia",
      year           = "2020",
      doi            = "10.5281/zenodo.596727",
}

@article{Roussel:2020,
      author         = "Roussel, Alessandro",
      title          = "{Quantum Field Theory visualized}",
      journal        = "ScienceClic English, from https://www.youtube.com/watch?v=MmG2ah5Df4g", 
      year           = "2020",

}



